@article{dieberger97,
  author    = {Dieberger, Andreas},
  journal   = {International Journal of Human-Computer Studies},
  title     = {Supporting Social Navigation on the World Wide Web},
  pages     = {805--825},
  volume    = {46},
  number    = {6},
  month     = {June},
  year      = {1997}
}

@inproceedings{dourish94,
  author    = {Dourish, Paul and Chalmers, Matthew},
  booktitle = {People and computers IX: Proceedings of HCI '94},
  title     = {Running Out of Space: Models of Information Navigation},
  publisher = {Cambridge University Press},
  address   = {Cambridge, UK},
  year      = {1994},
} 

@misc{golder05,
  author    = {Golder, Scott and Huberman, Bernardo  A.},
  title     = {The Structure of Collaborative Tagging Systems},
  url       = {http://arxiv.org/abs/cs.DL/0508082},
  month     = {Aug},
  year      = {2005}
}

@inproceedings{hill92,
  author    = {Hill, William  C.  and Hollan, James  D. and Wroblewski, Dave
               and Mccandless, Tim},
  booktitle = {CHI '92: Proceedings of the SIGCHI conference on Human
               factors in computing systems},
  title     = {Edit wear and read wear},
  pages     = {3--9},
  publisher = {ACM Press},
  address   = {New York, USA},
  year      = {1992}
}

@article{hill94,
  author    = {Hill, William  C. and Hollan, Jim D.},
  journal   = {The Information Society},
  title     = {History-Enriched Digital Objects},
  pages     = {139--145},
  volume    = {10},
  number    = {2},
  year      = {1994}
}

@inproceedings{wexelblat99,
  author    = {Wexelblat, Alan and Maes, Pattie},
  booktitle = {CHI '99: Proceedings of the SIGCHI conference
               on Human factors in computing systems},
  title     = {Footprints: History-Rich Tools for Information Foraging},
  pages     = {270--277},
  publisher = {ACM Press},
  address   = {New York, USA},
  year      = {1999}
}
